<?xml version="1.0" encoding="UTF-8"?><record xmlns="http://www.loc.gov/MARC21/slim" xmlns:cinclude="http://apache.org/cocoon/include/1.0" xmlns:zs="http://www.loc.gov/zing/srw/">
  <leader>00576cz  a2200145n  4500</leader>
  <controlfield tag="001">n  85222526 </controlfield>
  <controlfield tag="003">DLC</controlfield>
  <controlfield tag="005">19960301104347.6</controlfield>
  <controlfield tag="008">850920n| acannaab|          |n aaa |||  </controlfield>
  <datafield tag="010" ind1=" " ind2=" ">
    <subfield code="a">n  85222526 </subfield>
  </datafield>
  <datafield tag="040" ind1=" " ind2=" ">
    <subfield code="a">DLC</subfield>
    <subfield code="c">DLC</subfield>
    <subfield code="d">DLC</subfield>
  </datafield>
  <datafield tag="100" ind1="1" ind2="0">
    <subfield code="a">Miller, Malcolm,</subfield>
    <subfield code="d">1930-</subfield>
  </datafield>
  <datafield tag="670" ind1=" " ind2=" ">
    <subfield code="a">His The summer of the true gods, c1978:</subfield>
    <subfield code="b">t.p. (Malcolm Miller) p. 7 (b. Salem, Mass.; graduate of McGill Univ.)</subfield>
  </datafield>
  <datafield tag="670" ind1=" " ind2=" ">
    <subfield code="a">LC data base, 9/16/85</subfield>
    <subfield code="b">(hdg.: Miller, Malcolm)</subfield>
  </datafield>
  <datafield tag="670" ind1=" " ind2=" ">
    <subfield code="a">NUCMC data from Essex Institute for His Papers, 1980s-1990s</subfield>
    <subfield code="b">(Malcolm Miller; American author, of Salem, Mass.; b. 1930)</subfield>
  </datafield>
</record>